<?xml version="1.0" encoding="UTF-8"?><record xmlns="http://www.loc.gov/MARC21/slim" xmlns:cinclude="http://apache.org/cocoon/include/1.0" xmlns:zs="http://www.loc.gov/zing/srw/">
  <leader>00490cz  a2200145n  4500</leader>
  <controlfield tag="001">n  79138287 </controlfield>
  <controlfield tag="003">DLC</controlfield>
  <controlfield tag="005">20090227080841.0</controlfield>
  <controlfield tag="008">791130n| acannaabn          |n aaa      </controlfield>
  <datafield tag="010" ind1=" " ind2=" ">
    <subfield code="a">n  79138287 </subfield>
  </datafield>
  <datafield tag="035" ind1=" " ind2=" ">
    <subfield code="a">(OCoLC)oca00369568</subfield>
  </datafield>
  <datafield tag="040" ind1=" " ind2=" ">
    <subfield code="a">DLC</subfield>
    <subfield code="b">eng</subfield>
    <subfield code="c">DLC</subfield>
    <subfield code="d">OCoLC</subfield>
  </datafield>
  <datafield tag="100" ind1="1" ind2=" ">
    <subfield code="a">Munley, Anne</subfield>
  </datafield>
  <datafield tag="670" ind1=" " ind2=" ">
    <subfield code="a">Williamson, J. B. Aging and society, c1980 (a.e.)</subfield>
    <subfield code="b">t.p. (Anne Munley, Marywood College)</subfield>
  </datafield>
  <datafield tag="670" ind1=" " ind2=" ">
    <subfield code="a">Her The hospice alternative, c1983:</subfield>
    <subfield code="b">CIP t.p. (Anne Munley, I.H.M.) data sheet (b. 8/6/43)</subfield>
  </datafield>
</record>